@book{sutton1998introduction,
title={Introduction to Reinforcement Learning},
author={Sutton, Richard S and Barto, Andrew G},
volume={135},
year={1998},
publisher={MIT Press}
}
@article{watkins1992q,
title={Q-learning},
author={Watkins, Christopher JCH and Dayan, Peter},
journal={Machine Learning},
volume={8},
number={3-4},
pages={279--292},
year={1992},
publisher={Springer}
}
@inproceedings{hasselt2010double,
title={Double {Q}-learning},
author={Hasselt, Hado van},
booktitle={Advances in Neural Information Processing Systems},
pages={2613--2621},
year={2010}
}

@inproceedings{mnih2013playing,
title={Playing {A}tari with deep reinforcement learning},
author={Mnih, Volodymyr and Kavukcuoglu, Koray and Silver, David and Graves, Alex and Antonoglou, Ioannis and Wierstra, Daan and Riedmiller, Martin},
booktitle={Neural Information Processing Systems},
year={2013}
}
@unpublished{lillicrap2015continuous,
title={Continuous control with deep reinforcement learning},
author={Lillicrap, Timothy P and Hunt, Jonathan J and Pritzel, Alexander and Heess, Nicolas and Erez, Tom and Tassa, Yuval and Silver, David and Wierstra, Daan},
note = {arXiv:1509.02971},
year={2015}
}
@inproceedings{gu2016continuous,
title={Continuous deep q-learning with model-based acceleration},
author={Gu, Shixiang and Lillicrap, Timothy and Sutskever, Ilya and Levine, Sergey},
booktitle={International Conference on Machine Learning},
pages={2829--2838},
year={2016}
}

@inproceedings{schulman2015trust,
title={Trust region policy optimization},
author={Schulman, John and Levine, Sergey and Abbeel, Pieter and Jordan, Michael and Moritz, Philipp},
booktitle={International Conference on Machine Learning},
pages={1889--1897},
year={2015}
}

@unpublished{schulman2017proximal,
title={Proximal policy optimization algorithms},
author={Schulman, John and Wolski, Filip and Dhariwal, Prafulla and Radford, Alec and Klimov, Oleg},
note={arXiv:1707.06347},
year={2017}
}
@incollection{van2012reinforcement,
title={Reinforcement learning in continuous state and action spaces},
author={Hasselt, Hado van},
booktitle={Reinforcement learning},
pages={207--251},
year={2012},
publisher={Springer}
}
@inproceedings{mnih2016asynchronous,
title={Asynchronous methods for deep reinforcement learning},
author={Mnih, Volodymyr and Badia, Adria Puigdomenech and Mirza, Mehdi and Graves, Alex and Lillicrap, Timothy and Harley, Tim and Silver, David and Kavukcuoglu, Koray},
booktitle={International Conference on Machine Learning},
pages={1928--1937},
year={2016}
}
@article{oudeyer2009intrinsic,
title={What is intrinsic motivation? A typology of computational approaches},
author={Oudeyer, Pierre-Yves and Kaplan, Frederic},
journal={Frontiers in Neurorobotics},
volume={1},
pages={6},
year={2009},
publisher={Frontiers}
}
@book{hull1943principles,
title={Principles of Behavior: An Introduction to Behavior Theory},
author={Hull, Clark Leonard},
year={1943},
publisher={New York, London: D. Appleton-Century Company, Inc.}
}
@article{montgomery1954role,
title={The role of the exploratory drive in learning},
author={Montgomery, Kay C},
journal={Journal of Comparative and Physiological Psychology},
volume={47},
number={1},
pages={60--64},
year={1954},
}
@article{harlow1950learning,
title={Learning and satiation of response in intrinsically motivated complex puzzle performance by monkeys},
author={Harlow, Harry F},
journal={Journal of Comparative and Physiological Psychology},
volume={43},
number={4},
pages={289--294},
year={1950},
}
@article{white1959motivation,
title={Motivation reconsidered: The concept of competence},
author={White, Robert W},
journal={Psychological Review},
volume={66},
number={5},
pages={297--333},
year={1959},
publisher={American Psychological Association}
}
@book{festinger1962theory,
title={A Theory of Cognitive Dissonance},
author={Festinger, Leon},
year={1962},
publisher={Stanford university press}
}
@inproceedings{hunt1965intrinsic,
title={Intrinsic motivation and its role in psychological development},
author={Hunt, J.M.},
booktitle={Nebraska symposium on motivation},
volume={13},
pages={189--282},
year={1965},
organization={University of Nebraska Press}
}
@book{Csikszentmihalyi91,
address = {New York, NY},
author = {Csikszentmihalyi, Mihaly},
publisher = {Harper Perennial},
title = {Flow: The Psychology of Optimal Experience},
year = 1991
}
@article{watson1972smiling,
title={Smiling, cooing, and "the game"},
author={Watson, John S},
journal={Merrill-Palmer Quarterly of Behavior and Development},
volume={18},
pages={323--339},
year={1972},
}

@article{rochat2000perceived,
title={Perceived self in infancy},
author={Rochat, Philippe and Striano, Tricia},
journal={Infant Behavior and Development},
volume={23},
number={3-4},
pages={513--530},
year={2000},
publisher={Elsevier}
}
@inproceedings{bellemare2016unifying,
title={Unifying count-based exploration and intrinsic motivation},
author={Bellemare, Marc and Srinivasan, Sriram and Ostrovski, Georg and Schaul, Tom and Saxton, David and Munos, Remi},
booktitle={Advances in Neural Information Processing Systems},
pages={1471--1479},
year={2016}
}
@book{burnham2003model,
title={Model selection and multimodel inference: a practical information-theoretic approach},
author={Burnham, Kenneth P and Anderson, David R},
year={2003},
publisher={Springer Science \& Business Media}
}
@article{oord2016pixel,
title={Pixel recurrent neural networks},
author={Oord, Aaron van den and Kalchbrenner, Nal and Kavukcuoglu, Koray},
journal={arXiv preprint arXiv:1601.06759},
year={2016}
}
@inproceedings{schmidhuber1991possibility,
title={A possibility for implementing curiosity and boredom in model-building neural controllers},
author={Schmidhuber, J{\"u}rgen},
booktitle={Proc. of the International Conference on Simulation of Adaptive Behavior: From Animals to Animats},
pages={222--227},
year={1991}
}
@article{bialek1999predictive,
title={Predictive information},
author={Bialek, William and Tishby, Naftali},
journal={arXiv preprint cond-mat/9902341},
year={1999}
}
@article{BialekNemenmanTishby01,
author = {Bialek, W. and Nemenman, I. and Tishby, N.},
journal = {Neural Computation},
pages = {2409-2464},
title = {Predictability, Complexity, and Learning},
volume = 13,
year = 2001
}
@book{berlyne1960,
author = {Berlyne, D.E.},
publisher = {McGraw-Hill},
timestamp = {2006-07-13T17:11:36.000+0200},
title = {Conflict, Arousal and Curiosity},
year = 1960
}
@article{horvitz2000,
added-at = {2006-07-13T17:11:36.000+0200},
author = {Horvitz, J-C.},
journal = {Neuroscience},
keywords = {imported},
number = 4,
pages = {651-656},
title = {Mesolimbocortical and nigrostriatal dopamine responses to salient non-reward events},
volume = 96,
year = 2000
}
@unpublished{Montufar2016,
author = {Montúfar, Guido and Ghazi-Zahedi, Keyan and Ay, Nihat},
title = {Information Theoretically Aided Reinforcement Learning for Embodied Agents},
note = {abs/1605.09735},
year = 2016
}
@unpublished{Pathak2017,
author = {Pathak, Deepak and Agrawal, Pulkit and Efros, Alexei A. and Darrell, Trevor},
title = {Curiosity-driven Exploration by Self-supervised Prediction},
note = {arXiv:1705.05363},
year = 2017
}

@unpublished{Ostrovski2017,
author = {Ostrovski, Georg and Bellemare, Marc G. and van den Oord, Aäron and Munos, Rémi},
title = {Count-Based Exploration with Neural Density Models},
note = {arXiv:1703.01310},
year = {2017}
}

@article{Oord2016,
added-at = {2017-05-27T16:52:36.000+0200},
author = {Oord, Aäron Van Den and Kalchbrenner, Nal and Kavukcuoglu, Koray},
journal = {CoRR},
keywords = {final thema:draw},
title = {Pixel Recurrent Neural Networks.},
volume = {abs/1601.06759},
year = 2016
}
@article{Jung2012,
added-at = {2018-08-13T00:00:00.000+0200},
author = {Jung, Tobias and Polani, Daniel and Stone, Peter},
journal = {CoRR},
title = {Empowerment for Continuous Agent-Environment Systems},
url = {http://dblp.uni-trier.de/db/journals/corr/corr1201.html#abs-1201-6583},
volume = {abs/1201.6583},
year = 2012
}
@article{Zahedi2013,
author = {Zahedi, Keyan and Martius, Georg and Ay, Nihat},
ee = {http://arxiv.org/abs/1309.6989},
interhash = {543e8ac4d451c3cf0a49deeca5ea6cc1},
intrahash = {8c2e378fe9bb48874882e73ff8dc1b73},
journal = {CoRR},
keywords = {dblp},
timestamp = {2018-08-14T12:56:18.000+0200},
title = {Linear combination of one-step predictive information with an external reward in an episodic policy gradient setting: a critical analysis.},
url = {http://dblp.uni-trier.de/db/journals/corr/corr1309.html#ZahediMA13},
volume = {abs/1309.6989},
year = 2013
}
@article{sutton1999between,
title={Between MDPs and semi-MDPs: A framework for temporal abstraction in reinforcement learning},
author={Sutton, Richard S and Precup, Doina and Singh, Satinder},
journal={Artificial Intelligence},
volume={112},
number={1-2},
pages={181--211},
year={1999},
publisher={Elsevier}
}
@inproceedings{santucci2012intrinsic,
title={Intrinsic motivation mechanisms for competence acquisition},
author={Santucci, Vieri G and Baldassarre, Gianluca and Mirolli, Marco},
booktitle={International Conference on Development and Learning and on Epigenetic Robotics (icdl)},
pages={1--6},
year={2012},
organization={IEEE}
}
@article{santucci2013best,
title={Which is the best intrinsic motivation signal for learning multiple skills?},
author={Santucci, Vieri Giuliano and Baldassarre, Gianluca and Mirolli, Marco},
journal={Frontiers in Neurorobotics},
volume={7},
pages={22},
year={2013},
publisher={Frontiers}
}
@incollection{crutchfield1990information,
title={Information and its metric},
author={Crutchfield, James P},
booktitle={Nonlinear Structures in Physical Systems},
pages={119--130},
year={1990},
publisher={Springer}
}
@inproceedings{klyubin2005empowerment,
title={Empowerment: A universal agent-centric measure of control},
author={Klyubin, Alexander S and Polani, Daniel and Nehaniv, Chrystopher L},
booktitle={IEEE Congress on Evolutionary Computation},
volume={1},
pages={128--135},
year={2005},
organization={IEEE}
}
@incollection{santucci2014cumulative,
title={Cumulative learning through intrinsic reinforcements},
author={Santucci, Vieri G and Baldassarre, Gianluca and Mirolli, Marco},
booktitle={Evolution, Complexity and Artificial Life},
pages={107--122},
year={2014},
publisher={Springer}
}
@book{rummery1994line,
title={On-line Q-learning using connectionist systems},
author={Rummery, Gavin A and Niranjan, Mahesan},
volume={37},
year={1994},
publisher={University of Cambridge, Department of Engineering Cambridge, England}
}
@article{williams1992simple,
title={Simple statistical gradient-following algorithms for connectionist reinforcement learning},
author={Williams, Ronald J},
journal={Machine Learning},
volume={8},
number={3-4},
pages={229--256},
year={1992},
publisher={Springer}
}
@inproceedings{henderson2018deep,
title={Deep reinforcement learning that matters},
author={Henderson, Peter and Islam, Riashat and Bachman, Philip and Pineau, Joelle and Precup, Doina and Meger, David},
booktitle={Thirty-Second AAAI Conference on Artificial Intelligence},
year={2018}
}
@inproceedings{ostrovski2017count,
title={Count-based exploration with neural density models},
author={Ostrovski, Georg and Bellemare, Marc G and van den Oord, A{\"a}ron and Munos, R{\'e}mi},
booktitle={International Conference on Machine Learning},
pages={2721--2730},
year={2017},
}
@inproceedings{de2018curiosity,
title={Curiosity-driven reinforcement learning with homeostatic regulation},
author={de Abril, Ildefons Magrans and Kanai, Ryota},
booktitle={2018 International Joint Conference on Neural Networks (IJCNN)},
pages={1--6},
year={2018},
organization={IEEE}
}

@article{baldassarre2014intrinsic,
author = {Gianluca Baldassarre and Tom Stafford and Marco Mirolli and Peter Redgrave and Richard M. Ryan and Andrew Barto},
title = {Intrinsic Motivations and Open-ended Development in Animals, Humans, and robots: An Overview},
year = {2014},
journal = {Frontiers in Psychology},
doi = {10.3389/fpsyg.2014.00985}
}

@article{maaten2008tSNE,
author = {Laurens van der Maaten and Geoffrey Hinton},
title = {Visualizing Data using {t-SNE}},
journal = {Journal of Machine Learning Research},
volume = 9,
year = 2008,
pages = {2579--2605}
}

@unpublished{kim2018emi,
title = {{EMI}: Exploration with mutual information},
author = {Kim, Hyoungseok and Kim, Jaekyeom and Jeong, Yeonwoo and Levine, Sergey and Song, Hyun Oh},
note = {arXiv:1810.01176},
year = {2018}
}

@unpublished{burda2018large,
title = {Large-scale study of curiosity-driven learning},
author = {Burda, Yuri and Edwards, Harri and Pathak, Deepak and Storkey, Amos and Darrell, Trevor and Efros, Alexei A},
note = {arXiv:1808.04355},
year={2018}
}

@inproceedings{kuzma2019embedding,
title = {Embedding Complexity of Learned Representations in Neural Networks},
author = {Kuzma, Tomáš and Farkaš, Igor},
booktitle = {Proceedings of the 28th International Conference on Artificial Neural Networks},
volume = 2,
year = 2019,
pages = {518--528}
}

@inproceedings{kingma2015adam,
title = {Adam: A Method for stochastic optimization},
author = {Diederik P. Kingma and Jimmy Lei Ba},
booktitle = {International Conference on Learning Representations},
year = {2015}
}

@unpublished{brockman2016openai,
title={Open{AI} {G}ym},
author={Brockman, Greg and Cheung, Vicki and Pettersson, Ludwig and Schneider, Jonas and Schulman, John and Tang, Jie and Zaremba, Wojciech},
note={arXiv:1606.01540},
year={2016}
}

@article{wydmuch2018vizdoom,
title = {Vi{ZD}oom Competitions: Playing Doom from Pixels},
author = {Wydmuch, Marek and Kempka, Micha{\l} and Ja{\'s}kowski, Wojciech},
journal = {IEEE Transactions on Games},
year = {2018},
volume = {11},
number = {3},
pages = {248-259}
}

@unpublished{stadie2015incentivizing,
title={Incentivizing exploration in reinforcement learning with deep predictive models},
author={Stadie, Bradly C and Levine, Sergey and Abbeel, Pieter},
note={arXiv:1507.00814},
year={2015}
}

@Article{bellemare13arcade,
author = {{Bellemare}, M.~G. and {Naddaf}, Y. and {Veness}, J. and {Bowling}, M.},
title = {The Arcade Learning Environment: An Evaluation Platform for General Agents},
journal = {Journal of Artificial Intelligence Research},
year = "2013",
volume = "47",
pages = "253--279",
}

@unpublished{kingma2013auto,
title={Auto-encoding variational bayes},
author={Kingma, Diederik P and Welling, Max},
note={arXiv:1312.6114},
year={2013}
}

@article{schmidhuber2010formal,
title={Formal theory of creativity, fun, and intrinsic motivation (1990--2010)},
author={Schmidhuber, J{\"u}rgen},
journal={IEEE Transactions on Autonomous Mental Development},
volume={2},
number={3},
pages={230--247},
year={2010},
publisher={Ieee}
}

@inproceedings{tang2017exploration,
title={\#{E}xploration: A study of count-based exploration for deep reinforcement learning},
author = {Tang, Haoran and others},
booktitle={Advances in Neural Information Processing Systems},
pages={2753--2762},
year={2017}
}
%author={Tang, Haoran and Houthooft, Rein and Foote, Davis and Stooke, Adam and Chen, OpenAI Xi and Duan, Yan and Schulman, John and DeTurck, Filip and Abbeel, Pieter},

@unpublished{martin2017count,
title={Count-based exploration in feature space for reinforcement learning},
author={Martin, Jarryd and Sasikumar, Suraj Narayanan and Everitt, Tom and Hutter, Marcus},
note={arXiv:1706.08090},
year={2017}
}

@unpublished{machado2018count,
title={Count-based exploration with the successor representation},
author={Machado, Marlos C and Bellemare, Marc G and Bowling, Michael},
note={arXiv:1807.11622},
year={2018}
}

@unpublished{burda2018exploration,
title={Exploration by random network distillation},
author={Burda, Yuri and Edwards, Harrison and Storkey, Amos and Klimov, Oleg},
note={arXiv:1810.12894},
year={2018}
}

@inproceedings{houthooft2016vime,
title={{VIME}: Variational information maximizing exploration},
author={Houthooft, Rein and Chen, Xi and Duan, Yan and Schulman, John and De Turck, Filip and Abbeel, Pieter},
booktitle={Advances in Neural Information Processing Systems},
pages={1109--1117},
year={2016}
}

@inproceedings{shyam2019model,
title={Model-based active exploration},
author={Shyam, Pranav and Ja{\'s}kowski, Wojciech and Gomez, Faustino},
booktitle={International Conference on Machine Learning},
pages={5779--5788},
year={2019}
}

@unpublished{zhao2020mutual,
title={Mutual Information-based State-Control for Intrinsically Motivated Reinforcement Learning},
author={Zhao, Rui and Tresp, Volker and Xu, Wei},
note={arXiv:2002.01963},
year={2020}
}

@unpublished{montufar2016information,
title={Information theoretically aided reinforcement learning for embodied agents},
author={Mont{\'u}far, Guido and Ghazi-Zahedi, Keyan and Ay, Nihat},
note={arXiv:1605.09735},
year={2016}
}

@article{jung2011empowerment,
title={Empowerment for Continuous Agent-Environment Systems},
journal = {Adaptive Behavior},
author={Jung, Tobias and Polani, Daniel and Stone, Peter},
volume = {19},
issue = {1},
pages = {16--39}, 
year={2011},
}

@unpublished{zhao2020efficient,
title={Efficient Online Estimation of Empowerment for Reinforcement Learning},
author={Zhao, Ruihan and Abbeel, Pieter and Tiomkin, Stas},
note={arXiv:2007.07356},
year={2020}
}

@article{krizhevsky2012imagenet,
author = {Krizhevsky, Alex and Sutskever, Ilya and Hinton, Geoffrey},
year = {2012},
pages = {},
title = {ImageNet Classification with Deep Convolutional Neural Networks},
volume = {25},
journal = {Neural Information Processing Systems},
}

@inproceedings{he2016deep,
title = {Deep Residual Learning for Image Recognition}, 
author = {Kaiming He and Xiangyu Zhang and Shaoqing Ren and Jian Sun},
year = {2016},
booktitle = {Conference on Computer Vision and Pattern Recognition}
}

%author = {Mnih, Volodymyr and Kavukcuoglu, Koray and Silver, David and Rusu, Andrei A. and Veness, Joel and Bellemare, Marc G. and Graves, Alex and Riedmiller, Martin and Fidjeland, Andreas K. and Ostrovski, Georg and Petersen, Stig and Beattie, Charles and Sadik, Amir and Antonoglou, Ioannis and King, Helen and Kumaran, Dharshan and Wierstra, Daan and Legg, Shane and Hassabis, Demis},
@article{mnih2015humanlevel,
author = {Vladimir Mnih and {et al.}},
title = {Human-level control through deep reinforcement learning},
journal = {Nature},
pages = {529--533},
volume = 518,
year = 2015
}

@article{dayan1996dual,
title = {Exploration Bonuses and Dual Control},
author = {Peter Dayan and Terry Sejnowski},
journal = {Machine Learning},
volume = {25},
year = {1996},
pages = {5-22}
}

@inproceedings{ng1999policy,
author = {A.~Ng and D.~Harada and S.~Russell},
year = {1999},
title = {Policy invariance under reward transformations: Theory and application to reward shaping},
booktitle = {International Conference on Machine Learning},
volume = {99}, 
pages = {278-287}
}

@inproceedings{schmidhuber1991curious,
author = {J.~Schmidhuber},
year = {1991},
title = {Curious model-building control systems},
booktitle = {Proceedings of the International Joint Conference on Neural Networks},
pages = {1458-1463}
}

@article{Dayan1996,
author = {P.~Dayan T.J.~Sejnowski},
year = {1996},
title = {Exploration bonuses and dual control},
journal = {Machine Learning},
volume = {25},
number = {1},
pages = {5-22}
}

@article{Rayyes20,
author = {R.~Rayyes and H.~Donat and J.~Steil},
title = {Efficient online interest-driven exploration for developmental robots},
journal = {IEEE Transactions on Cognitive and Developmental Systems},
year = {2020},
}

@article{Ryan00,
author = {R.M.~Ryan and E.L.~Deci},
title = {Intrinsic and extrinsic motivations: Classic definitions and new directions},
journal = {Contemporary Educational Psychology},
volume = {25}, 
number = {1},
pages = {54-67},
year = {2000}
}

@unpublished{Huang19,
author = {S. H. Huang and M. Zambelli and J. Kay and M. F. Martins and Y. Tassa and P. M. Pilarski and R. Hadsell},
title = {Learning gentle object manipulation with curiosity-driven deep reinforcement learning}, 
note = {arXiv:1903.08542},
year = {2019}
}

@article{Itti09,
author = {L. Itti and P. Baldi},
title = {Bayesian surprise attracts human attention}, journal = {Vision Research}, 
volume = {49},
number = {10},
year = {2009},
pages = {1295-1306}
}

@inproceedings{Sutton90,
author = {Sutton, R.S.},
year = {1990},
title = {Integrated architectures for learning, planning, and reacting based on approximating
dynamic programming},
booktitle = {Machine Learning: Proceedings of the 7th International Conference}, 
pages = {216-224}
}

@inproceedings{Stadie16,
title = {Incentivizing Exploration In Reinforcement Learning With Deep Predictive Models},
author = {Bradly C. Stadie and Sergey Levine and Pieter Abbeel},
year = {2016},
booktitle = {International Conference on Learning Representations}
}

@unpublished{Baldassarre19,
author = {G. Baldassarre},
title = {Intrinsic Motivations and
Open-ended Learning},
note = {arXiv:1912.13263v1 [cs.AI]},
year = {2019}
}

@unpublished{fortunato2019noisy,
title={Noisy Networks for Exploration}, 
author={Meire Fortunato and Mohammad Gheshlaghi Azar and Bilal Piot and Jacob Menick and Ian Osband and Alex Graves and Vlad Mnih and Remi Munos and Demis Hassabis and Olivier Pietquin and Charles Blundell and Shane Legg},
year={2019},
note = {arXiv:1706.10295 [cs.LG]}
}

@inproceedings{maas2013rectifier,
title={Rectifier nonlinearities improve neural network acoustic models},
author={Maas, Andrew L and Hannun, Awni Y and Ng, Andrew Y},
booktitle={International Conference on Machine Learning},
year={2013}
}

@inbook{Crutchfield90,
author = {Crutchfield, J. P.},
year = {1990},
title = {Information and its metric},
booktitle = {Nonlinear Structures in Physical Systems – Pattern Formation, Chaos, and Waves},
editor = {L. Lam and H. C. Morris},
address = {New York, NY}, publisher = {Springer},
pages = {119–130}
}

@inproceedings{Kaplan03,
author = {Kaplan, F., and Oudeyer, P.-Y},
year = {2003},
title = {Motivational principles for visual know-how development},
booktitle = {Proceedings of the 3rd International Workshop on Epigenetic Robotics: Modeling Cognitive Development in Robotic Systems}, 
pages = {73–80}
}

@article{Gottfried83,
title = {Intrinsic Motivation in Young Children},
author = {Adele Eskeles Gottfried},
journal = {Young Children},
volume = {39},
number = {1},
year = {1983},
pages = {64-73}
}

@misc{coumans2019,
author = {Erwin Coumans and Yunfei Bai},
title ={Py{B}ullet, a {P}ython module for physics simulation for games, robotics and machine learning},
howpublished = {\url{http://pybullet.org}},
year = {2016--2019}
}

@inproceedings{Chan20,
title = {Measuring the reliability of reinforcement learning algorithms},
author = {Stephanie C.Y. Chan and Samuel Fishman and John Canny and Anoop Korattikara and Sergio Guadarrama},
booktitle = {International Conference on Machine Learning},
year = {2020}
}

@article{Anand2019,
author= {Ankesh Anand and
 Evan Racah and
 Sherjil Ozair and
 Yoshua Bengio and
 Marc{-}Alexandre C{\^{o}}t{\'{e}} and
 R. Devon Hjelm},
title = {Unsupervised State Representation Learning in Atari},
journal = {CoRR},
volume= {abs/1906.08226},
year= {2019},
url = {http://arxiv.org/abs/1906.08226},
eprinttype = {arXiv},
eprint= {1906.08226},
timestamp = {Mon, 24 Jun 2019 17:28:45 +0200},
biburl= {https://dblp.org/rec/journals/corr/abs-1906-08226.bib},
bibsource = {dblp computer science bibliography, https://dblp.org}
}

@INPROCEEDINGS{Chopra2005,
author={Chopra, S. and Hadsell, R. and LeCun, Y.},
booktitle={IEEE Computer Society Conference on Computer Vision and Pattern Recognition}, 
title={Learning a similarity metric discriminatively, with application to face verification}, 
year={2005},
volume={1},
number={},
pages={539-546 vol. 1},
doi={10.1109/CVPR.2005.202}}



@article{Oord2018,
author = {A{\"{a}}ron van den Oord and Yazhe Li and Oriol Vinyals},
title = {Representation Learning with Contrastive Predictive Coding},
journal = {CoRR},
volume= {abs/1807.03748},
year= {2018},
}


@InProceedings{Gutmann2010,
title = 	 {Noise-contrastive estimation: A new estimation principle for unnormalized statistical models},
author = 	 {Gutmann, Michael and Hyvärinen, Aapo},
booktitle = {13th International Conference on Artificial Intelligence and Statistics},
pages = 	 {297--304},
year = 	 {2010},
volume = 	 {9},
}

@inproceedings{Sohn2016,
 author = {Sohn, Kihyuk},
 booktitle = {Advances in Neural Information Processing Systems},
 pages = {},
 publisher = {Curran Associates, Inc.},
 title = {Improved Deep Metric Learning with Multi-class N-pair Loss Objective},
 volume = {29},
 year = {2016}
}

@article{Timoth2018,
author= {Timoth{\'{e}}e Lesort and
 Natalia D{\'{\i}}az Rodr{\'{\i}}guez and
 Jean{-}Fran{\c{c}}ois Goudou and
 David Filliat},
title = {State Representation Learning for Control: An Overview},
journal = {CoRR},
volume= {abs/1802.04181},
year= {2018},
url = {http://arxiv.org/abs/1802.04181},
eprinttype = {arXiv},
eprint= {1802.04181},
timestamp = {Mon, 13 Aug 2018 16:46:04 +0200},
biburl= {https://dblp.org/rec/journals/corr/abs-1802-04181.bib},
bibsource = {dblp computer science bibliography, https://dblp.org}
}

@article{Srinivas2020,
author= {Aravind Srinivas and
 Michael Laskin and
 Pieter Abbeel},
title = {{CURL:} Contrastive Unsupervised Representations for Reinforcement
 Learning},
journal = {CoRR},
volume= {abs/2004.04136},
year= {2020},
url = {https://arxiv.org/abs/2004.04136},
eprinttype = {arXiv},
eprint= {2004.04136},
timestamp = {Tue, 14 Apr 2020 16:40:34 +0200},
biburl= {https://dblp.org/rec/journals/corr/abs-2004-04136.bib},
bibsource = {dblp computer science bibliography, https://dblp.org}
}

@article{Zbontar2021,
  author    = {Jure Zbontar and
               Li Jing and
               Ishan Misra and
               Yann LeCun and
               St{\'{e}}phane Deny},
  title     = {Barlow Twins: Self-Supervised Learning via Redundancy Reduction},
  journal   = {CoRR},
  volume    = {abs/2103.03230},
  year      = {2021},
  url       = {https://arxiv.org/abs/2103.03230},
  eprinttype = {arXiv},
  eprint    = {2103.03230},
  timestamp = {Mon, 15 Mar 2021 17:30:55 +0100},
  biburl    = {https://dblp.org/rec/journals/corr/abs-2103-03230.bib},
  bibsource = {dblp computer science bibliography, https://dblp.org}
}

@inproceedings{Bardes2022,
  doi = {10.48550/ARXIV.2105.04906},
  url = {https://arxiv.org/abs/2105.04906},
  author = {Bardes, Adrien and Ponce, Jean and Le{C}un, Yann},
 title = {{VICR}eg: Variance-Invariance-Covariance Regularization for Self-Supervised Learning},
 booktitle = {International Conference on Learning Representations},
 year = {2022},
}

@article{jonschkowski2015learning,
  title={Learning state representations with robotic priors},
  author={Jonschkowski, Rico and Brock, Oliver},
  journal={Autonomous Robots},
  volume={39},
  number={3},
  pages={407--428},
  year={2015},
  publisher={Springer}
}

@article{cobbe2019procgen,
  author    = {Karl Cobbe and
               Christopher Hesse and
               Jacob Hilton and
               John Schulman},
  title     = {Leveraging Procedural Generation to Benchmark Reinforcement Learning},
  journal   = {CoRR},
  volume    = {abs/1912.01588},
  year      = {2019},
  url       = {http://arxiv.org/abs/1912.01588},
  eprinttype = {arXiv},
  eprint    = {1912.01588},
  timestamp = {Thu, 02 Jan 2020 18:08:18 +0100},
  biburl    = {https://dblp.org/rec/journals/corr/abs-1912-01588.bib},
  bibsource = {dblp computer science bibliography, https://dblp.org}
}


@article{lee2020randomization,
  author    = {Kimin Lee and
               Kibok Lee and
               Jinwoo Shin and
               Honglak Lee},
  title     = {A Simple Randomization Technique for Generalization in Deep Reinforcement
               Learning},
  journal   = {CoRR},
  volume    = {abs/1910.05396},
  year      = {2019},
  url       = {http://arxiv.org/abs/1910.05396},
  eprinttype = {arXiv},
  eprint    = {1910.05396},
  timestamp = {Wed, 16 Oct 2019 16:25:53 +0200},
  biburl    = {https://dblp.org/rec/journals/corr/abs-1910-05396.bib},
  bibsource = {dblp computer science bibliography, https://dblp.org}
}


@article{assran2022maskednetworks,
       author = {{Assran}, Mahmoud and {Caron}, Mathilde and {Misra}, Ishan and {Bojanowski}, Piotr and {Bordes}, Florian and {Vincent}, Pascal and {Joulin}, Armand and {Rabbat}, Michael and {Ballas}, Nicolas},
        title = "{Masked Siamese Networks for Label-Efficient Learning}",
      journal = {arXiv e-prints},
     keywords = {Computer Science - Machine Learning, Computer Science - Artificial Intelligence, Computer Science - Computer Vision and Pattern Recognition, Electrical Engineering and Systems Science - Image and Video Processing},
         year = 2022,
        month = apr,
          eid = {arXiv:2204.07141},
        pages = {arXiv:2204.07141},
archivePrefix = {arXiv},
       eprint = {2204.07141},
 primaryClass = {cs.LG},
       adsurl = {https://ui.adsabs.harvard.edu/abs/2022arXiv220407141A},
      adsnote = {Provided by the SAO/NASA Astrophysics Data System}
}


@article{cobbe2020procgen,
  author    = {Karl Cobbe and
               Christopher Hesse and
               Jacob Hilton and
               John Schulman},
  title     = {Leveraging Procedural Generation to Benchmark Reinforcement Learning},
  journal   = {CoRR},
  volume    = {abs/1912.01588},
  year      = {2019},
  url       = {http://arxiv.org/abs/1912.01588},
  eprinttype = {arXiv},
  eprint    = {1912.01588},
  timestamp = {Thu, 02 Jan 2020 18:08:18 +0100},
  biburl    = {https://dblp.org/rec/journals/corr/abs-1912-01588.bib},
  bibsource = {dblp computer science bibliography, https://dblp.org}
}

@misc{guo2022byol,
  doi = {10.48550/ARXIV.2206.08332},
  
  url = {https://arxiv.org/abs/2206.08332},
  
  author = {Guo, Zhaohan Daniel and Thakoor, Shantanu and Pîslar, Miruna and Pires, Bernardo Avila and Altché, Florent and Tallec, Corentin and Saade, Alaa and Calandriello, Daniele and Grill, Jean-Bastien and Tang, Yunhao and Valko, Michal and Munos, Rémi and Azar, Mohammad Gheshlaghi and Piot, Bilal},
  
  keywords = {Machine Learning (cs.LG), Artificial Intelligence (cs.AI), Machine Learning (stat.ML), FOS: Computer and information sciences, FOS: Computer and information sciences},
  
  title = {BYOL-Explore: Exploration by Bootstrapped Prediction},
  
  publisher = {arXiv},
  
  year = {2022},
  
  copyright = {Creative Commons Attribution 4.0 International}
}

@article{tSNE2008,
author = {van der Maaten, L.J.P. and Hinton, G.E.},
year = {2008},
title = {Visualizing Data Using t-{SNE}},
journal = {Journal of Machine Learning Research},
volume = {9},
pages = {2579–2605}
}

@article{Parisi2019,
title= {Continual lifelong learning with neural networks: A review},
author = {German I. Parisi and Ronald Kemker and Jose L. Part and Christopher Kanan and Stefan Wermter},
journal = {Neural Networks},
year = {2019},
volume = {113},
pages = {54-71},
doi = {10.1016/j.neunet.2019.01.012}
}

@article{Morris2022,
title = {On what motivates us: a detailed review of intrinsic v. extrinsic motivation},
author = {Laurel S. Morris and Mora M. Grehl and Sarah B. Rutter and Marishka Mehta and Margaret L. Westwater},
journal = {Psychological Medicine},
year = {2022},
volume = {52},
number = {10},
pages = {1801-1816}
}

@inbook{Barto2013,
author = {Barto, A.G.},
title = {Intrinsic Motivation and Reinforcement learning},
booktitle = {Intrinsically Motivated Learning in Natural and Artificial Systems},
publisher = {Springer},
address = {Berlin/Heidelberg, Germany},
year = {2013},
pages = {17–47}
}

@article{Aubret2023,
author = {Aubret, A. and Matignon, L. and Hassas, S.},
title = {An Information-Theoretic Perspective on Intrinsic Motivation in Reinforcement Learning: A Survey},
journal = {Entropy},
year = {2023},
volume = {25},
doi = {10.3390/e25020327}
}

@article{RLgames2023,
title = {Reinforcement Learning in Game Industry — Review, Prospects and Challenges},
author = {Konstantinos Souchleris and George K. Sidiropoulos and George A. Papakostas},
year = {2023},
journal = {Applied Sciences},
doi = {10.3390/app13042443}
}

@inproceedings{yu2020intrinsic,
  title={Intrinsic reward driven imitation learning via generative model},
  author={Yu, Xingrui and Lyu, Yueming and Tsang, Ivor},
  booktitle={International conference on machine learning},
  pages={10925--10935},
  year={2020},
  organization={PMLR}
}

@article{badia2020never,
  title={Never give up: Learning directed exploration strategies},
  author={Badia, Adri{\`a} Puigdom{\`e}nech and Sprechmann, Pablo and Vitvitskyi, Alex and Guo, Daniel and Piot, Bilal and Kapturowski, Steven and Tieleman, Olivier and Arjovsky, Mart{\'\i}n and Pritzel, Alexander and Bolt, Andew and others},
  journal={arXiv preprint arXiv:2002.06038},
  year={2020}
}

@inproceedings{sekar2020planning,
  title={Planning to explore via self-supervised world models},
  author={Sekar, Ramanan and Rybkin, Oleh and Daniilidis, Kostas and Abbeel, Pieter and Hafner, Danijar and Pathak, Deepak},
  booktitle={International Conference on Machine Learning},
  pages={8583--8592},
  year={2020},
  organization={PMLR}
}

@article{aubret2019survey,
  title={A survey on intrinsic motivation in reinforcement learning},
  author={Aubret, Arthur and Matignon, Laetitia and Hassas, Salima},
  journal={arXiv preprint arXiv:1908.06976},
  year={2019}
}

@article{yuan2022intrinsically,
  title={Intrinsically-Motivated Reinforcement Learning: A Brief Introduction},
  author={Yuan, Mingqi},
  journal={arXiv preprint arXiv:2203.02298},
  year={2022}
}

@article{shannon1948mathematical,
  title={A mathematical theory of communication},
  author={Shannon, Claude E},
  journal={The Bell system technical journal},
  volume={27},
  number={3},
  pages={379--423},
  year={1948},
  publisher={Nokia Bell Labs}
}

@inproceedings{seo2021state,
  title={State entropy maximization with random encoders for efficient exploration},
  author={Seo, Younggyo and Chen, Lili and Shin, Jinwoo and Lee, Honglak and Abbeel, Pieter and Lee, Kimin},
  booktitle={International Conference on Machine Learning},
  pages={9443--9454},
  year={2021},
  organization={PMLR}
}

@inproceedings{barto2005intrinsic,
  title={Intrinsic motivation for reinforcement learning systems},
  author={Barto, Andrew G and Simsek, Ozg{\"u}r},
  booktitle={Proceedings of the thirteenth yale workshop on adaptive and learning systems},
  pages={113--118},
  year={2005},
  organization={Yale University Press}
}

@article{singh2010intrinsically,
  title={Intrinsically motivated reinforcement learning: An evolutionary perspective},
  author={Singh, Satinder and Lewis, Richard L and Barto, Andrew G and Sorg, Jonathan},
  journal={IEEE Transactions on Autonomous Mental Development},
  volume={2},
  number={2},
  pages={70--82},
  year={2010},
  publisher={IEEE}
}

@article{grill2020bootstrap,
  title={Bootstrap your own latent-a new approach to self-supervised learning},
  author={Grill, Jean-Bastien and Strub, Florian and Altch{\'e}, Florent and Tallec, Corentin and Richemond, Pierre and Buchatskaya, Elena and Doersch, Carl and Avila Pires, Bernardo and Guo, Zhaohan and Gheshlaghi Azar, Mohammad and others},
  journal={Advances in neural information processing systems},
  volume={33},
  pages={21271--21284},
  year={2020}
}

@inproceedings{pechac2022intrinsic,
  title={Intrinsic motivation based on feature extractor distillation},
  author={Pech{\'a}{\v{c}}, Matej and Farka{\v{s}}, Igor},
  booktitle={Kognice a um{\v{e}}l{\'y} {\v{z}}ivot XX},
  pages={84--91},
  year={2022},
  organization={{\v{C}}VUT v Praze}
}



